@book{AML:LFD,
author = {Yaser S. Abu-Mostafa, Malik Magdon-Ismail, and Hsuan-Tien Lin},
title = {Learning From Data A Short Course},
year = {2012},
isbn = {10:1-60049-006-9},
publisher = {This book was typset by the authors and was printed and bound in the United States of America}, address = {http://amlbook.com/},
}